@article{monad-transformers,
  author = {Kiselyov, Oleg and Shan, Chung-chieh and Friedman, Daniel P. and Sabry, Amr},
  title = {Backtracking, Interleaving, and Terminating Monad Transformers: (Functional Pearl)},
  year = {2005},
  issue_date = {September 2005},
  publisher = {Association for Computing Machinery},
  address = {New York, NY, USA},
  volume = {40},
  number = {9},
  issn = {0362-1340},
  url = {https://doi.org/10.1145/1090189.1086390},
  doi = {10.1145/1090189.1086390},
  journal = {SIGPLAN Not.},
  month = sep,
  pages = {192â€“203},
  numpages = {12},
  keywords = {streams, logic programming, continuations, Haskell, Prolog, control delimiters}
}
